<?xml version="1.0" encoding="UTF-8"?><collection xmlns="http://www.loc.gov/MARC21/slim"><record><leader>00599nam--2200193-i-4500</leader><controlfield tag="001">000011088</controlfield><controlfield tag="002">20161230</controlfield><controlfield tag="005">20161230201029</controlfield><controlfield tag="008">060222s1000------------r-----000-0-eng-d</controlfield><datafield ind1=" " ind2=" " tag="020"><subfield code="a">0720417554</subfield></datafield><datafield ind1=" " ind2=" " tag="040"><subfield code="a">IFIN-HH</subfield></datafield><datafield ind1=" " ind2=" " tag="080"><subfield code="a">549.2:548.2:539.3</subfield></datafield><datafield ind1="1" ind2=" " tag="100"><subfield code="a">De Batist, R</subfield></datafield><datafield ind1="1" ind2="0" tag="245"><subfield code="a">Internal friction of structural defects in crystalline solids</subfield><subfield code="b">Defects in crystalline solids volume 5</subfield><subfield code="c">R. de batist</subfield></datafield><datafield ind1=" " ind2=" " tag="260"><subfield code="a">Amsterdam</subfield><subfield code="b">North-holland Publishing Company</subfield><subfield code="c">1972</subfield></datafield><datafield ind1=" " ind2=" " tag="300"><subfield code="a">XII+477P</subfield></datafield><datafield ind1=" " ind2=" " tag="490"><subfield code="a">Defects In Crystalline Solids</subfield></datafield><datafield ind1=" " ind2=" " tag="852"><subfield code="a">33839</subfield><subfield code="c">539.2</subfield></datafield><datafield ind1=" " ind2=" " tag="CAT"><subfield code="a">Sys</subfield><subfield code="c">20121018</subfield><subfield code="h">111257</subfield></datafield></record></collection>